<record><leader>00000cas a22000007a 4500</leader><controlfield tag="001">12114014</controlfield><controlfield tag="008">850604c19369999txuwn ne      0   a0eng d</controlfield><datafield ind1=" " ind2=" " tag="010"><subfield code="a">sn 85009414 </subfield></datafield><datafield ind1=" " ind2=" " tag="040"><subfield code="a">NSD</subfield><subfield code="b">eng</subfield><subfield code="c">NSD</subfield><subfield code="d">PPM</subfield><subfield code="d">OCLCQ</subfield></datafield><datafield ind1=" " ind2=" " tag="012"><subfield code="m">1</subfield></datafield><datafield ind1="1" ind2=" " tag="022"><subfield code="a">0883-2544</subfield><subfield code="l">0883-2544</subfield><subfield code="2">1</subfield></datafield><datafield ind1=" " ind2=" " tag="032"><subfield code="a">367660</subfield><subfield code="b">USPS</subfield></datafield><datafield ind1=" " ind2=" " tag="037"><subfield code="b">Muenster Enterprise, Inc., P.O. Box 190, Muenster Tx. 76252</subfield></datafield><datafield ind1=" " ind2=" " tag="042"><subfield code="a">nsdp</subfield></datafield><datafield ind1=" " ind2="0" tag="222"><subfield code="a">Muenster enterprise</subfield></datafield><datafield ind1="0" ind2="0" tag="245"><subfield code="a">Muenster enterprise.</subfield></datafield><datafield ind1=" " ind2=" " tag="260"><subfield code="a">Muenster, Tex. :</subfield><subfield code="b">R.N. Fette,</subfield><subfield code="c">1936-</subfield></datafield><datafield ind1=" " ind2=" " tag="310"><subfield code="a">Weekly (except the last week in Dec.)</subfield></datafield><datafield ind1="0" ind2=" " tag="362"><subfield code="a">Vol. 1, no. 1 (Nov. 27, 1936)-</subfield></datafield><datafield ind1=" " ind2=" " tag="752"><subfield code="a">United States</subfield><subfield code="b">Texas</subfield><subfield code="c">Cooke</subfield><subfield code="d">Muenster.</subfield></datafield><datafield ind1=" " ind2=" " tag="936"><subfield code="a">Mar. 1, 1985</subfield></datafield></record>